@book{Kelley95,
  added-at = {2008-11-16T23:10:11.000+0100},
  author = {Kelley, C. T.},
  biburl = {http://www.bibsonomy.org/bibtex/2a4025114465c8891998ee0abfdde4eb4/timo},
  interhash = {46edae056148bcbadd74fb003c2dc8a3},
  intrahash = {a4025114465c8891998ee0abfdde4eb4},
  keywords = {MATLAB conjugate_gradient_method mathematics numerical numerics},
  number = 16,
  publisher = {SIAM},
  series = {Frontiers in Applied Mathematics},
  timestamp = {2008-11-16T23:16:04.000+0100},
  title = {Iterative Methods for Linear and Nonlinear Equations},
  url = {http://www.siam.org/books/textbooks/fr16_book.pdf},
  year = 1995
}

@article{YangGobbert,
  author = {Yang, Shiming and Gobbert, Matthias K.},
  title = {The Optimal Relaxation Parameter for the SOR Method Applied to a Classical Model Problem},
  number = 19,
  url = {http://userpages.umbc.edu/~gobbert/papers/YangGobbert2007SOR.pdf},
  year = 2007
}

@inproceedings{Stanford,
  added-at = {2008-11-16T23:10:11.000+0100},
  author = {Stanford CME342/AA220},
  title = {Parallel Methods in Numerical Analysis},
  number = 24,
  url = {http://adl.stanford.edu/cme342/Lecture_Notes_files/lecture10-14.pdf},
  year = 2014
}

@article{GilbertStrang,
  author = {Yang, Shiming and Gobbert, Matthias K.},
  title = {Iterative Methods},
  number = 7,
  url = {https://ocw.mit.edu/courses/mathematics/18-086-mathematical-methods-for-engineers-ii-spring-2006/readings/am62.pdf},
  year = 2006
}

@book{BriggsHensonMcCormick,
    author = {Briggs, William L. and Henson, Van Emden and McCormick, Steve F.},
    title = {A Multigrid Tutorial},
    number = 203,
    url = {https://drive.google.com/file/d/0Bz9IOSUvyAf1Nk9SOWlHM0tIUE0/view}
}
